<record><leader>02644pam a2200433 i 4500</leader><controlfield tag="001">6740191</controlfield><controlfield tag="003">OCoLC</controlfield><controlfield tag="005">20141027145148.0</controlfield><controlfield tag="008">140227s2015    enka     b    001 0 eng  </controlfield><datafield ind1=" " ind2=" " tag="010"><subfield code="a">  2014008102</subfield></datafield><datafield ind1="7" ind2=" " tag="016"><subfield code="a">016732787</subfield><subfield code="2">Uk</subfield></datafield><datafield ind1=" " ind2=" " tag="020"><subfield code="a">9780415663168 (hardback)</subfield></datafield><datafield ind1=" " ind2=" " tag="020"><subfield code="a">0415663164 (hardback)</subfield></datafield><datafield ind1=" " ind2=" " tag="020"><subfield code="a">9780415663175 (pbk)</subfield></datafield><datafield ind1=" " ind2=" " tag="020"><subfield code="a">0415663172 (pbk)</subfield></datafield><datafield ind1=" " ind2=" " tag="020"><subfield code="z">9780203071656 (ebk)</subfield></datafield><datafield ind1=" " ind2=" " tag="035"><subfield code="a">ocn868199753</subfield></datafield><datafield ind1=" " ind2=" " tag="040"><subfield code="a">DLC</subfield><subfield code="b">eng</subfield><subfield code="e">rda</subfield><subfield code="c">DLC</subfield><subfield code="d">YDXCP</subfield><subfield code="d">BTCTA</subfield><subfield code="d">UKMGB</subfield><subfield code="d">OCLCO</subfield><subfield code="d">BDX</subfield><subfield code="d">OCLCF</subfield><subfield code="d">CDX</subfield><subfield code="d">UAB</subfield></datafield><datafield ind1=" " ind2=" " tag="042"><subfield code="a">pcc</subfield></datafield><datafield ind1="0" ind2="0" tag="050"><subfield code="a">K840</subfield><subfield code="b">.A98 2015</subfield></datafield><datafield ind1="0" ind2="0" tag="082"><subfield code="a">346.02/2</subfield><subfield code="2">23</subfield></datafield><datafield ind1=" " ind2=" " tag="084"><subfield code="a">LAW000000</subfield><subfield code="2">bisacsh</subfield></datafield><datafield ind1=" " ind2=" " tag="090"><subfield code="a">K 840 A98 2015</subfield><subfield code="b">AEU</subfield></datafield><datafield ind1="1" ind2=" " tag="100"><subfield code="a">Austen-Baker, Richard,</subfield><subfield code="e">author.</subfield></datafield><datafield ind1="1" ind2="0" tag="245"><subfield code="a">Contract in context /</subfield><subfield code="c">Richard Austen-Baker and Qi Zhou.</subfield></datafield><datafield ind1=" " ind2="1" tag="264"><subfield code="a">Abingdon, Oxon ;</subfield><subfield code="a">New York, NY :</subfield><subfield code="b">Routledge, Taylor &amp; Francis Group,</subfield><subfield code="c">2015.</subfield></datafield><datafield ind1=" " ind2="4" tag="264"><subfield code="c">&#169;2015</subfield></datafield><datafield ind1=" " ind2=" " tag="300"><subfield code="a">xviii, 154 pages :</subfield><subfield code="b">illustrations ;</subfield><subfield code="c">24 cm</subfield></datafield><datafield ind1=" " ind2=" " tag="336"><subfield code="a">text</subfield><subfield code="2">rdacontent</subfield></datafield><datafield ind1=" " ind2=" " tag="337"><subfield code="a">unmediated</subfield><subfield code="2">rdamedia</subfield></datafield><datafield ind1=" " ind2=" " tag="338"><subfield code="a">volume</subfield><subfield code="2">rdacarrier</subfield></datafield><datafield ind1=" " ind2=" " tag="504"><subfield code="a">Includes bibliographical references and index.</subfield></datafield><datafield ind1="0" ind2=" " tag="505"><subfield code="a">What is Contract for? and What is Contract Law for? -- The Historical Context of Contract -- The Ideological Context of Contract -- Classical &amp; Neo-Classical Contract -- The Relational Context of Contract -- The Economic Theories of Contract Law : Part I -- The Economic Theories of Contract Law : Part II -- The International Context of Contract.</subfield></datafield><datafield ind1=" " ind2=" " tag="520"><subfield code="a">"Contract in Context provides an easy to read, in depth analysis of the purpose and role of contract law and the theories that surround it. It looks at the historical development of contract law as well as providing detailed analysis of some of the leading theoretical explanations and how they are applied on an international level. The book's accessibility is enhanced by text boxes defining key concepts and terms and by bullet-point lists and descriptions further enlivened by biographical notes for leading figures and scholars. This ensures that students are able to gain firm grasp and clear understanding of the narratives and theories explained in the book. Contract in Context is unique in that it is not limited to one jurisdiction, making it ideal for students around the globe wishing to develop or expand their knowledge of contract law"--</subfield><subfield code="c">Provided by publisher.</subfield></datafield><datafield ind1=" " ind2=" " tag="596"><subfield code="a">45</subfield></datafield><datafield ind1=" " ind2="0" tag="650"><subfield code="a">Contracts.</subfield></datafield><datafield ind1="1" ind2=" " tag="700"><subfield code="a">Zhou, Qi</subfield><subfield code="c">(Law teacher),</subfield><subfield code="e">author.</subfield></datafield><datafield ind1=" " ind2=" " tag="949"><subfield code="a">K 840 A98 2015</subfield><subfield code="c">1</subfield><subfield code="h">UALA-B</subfield><subfield code="i">0162035182409</subfield></datafield><datafield ind1=" " ind2=" " tag="926"><subfield code="a">K 840 A98 2015</subfield><subfield code="w">LC</subfield><subfield code="c">1</subfield><subfield code="i">0162035182409</subfield><subfield code="d">11/25/2014</subfield><subfield code="l">ON_SHELF</subfield><subfield code="m">UALAW</subfield><subfield code="p">$150.00</subfield><subfield code="r">Y</subfield><subfield code="s">Y</subfield><subfield code="t">BOOK</subfield><subfield code="u">11/19/2014</subfield></datafield></record>